% MYPAPERS BIBTEX FILE

%%%%%%%%%%%%%%%%%%%%%%%%%%%%%%%%%%%%%%%%%%%%%%%%
% JOURNAL ARTICLES
%%%%%%%%%%%%%%%%%%%%%%%%%%%%%%%%%%%%%%%%%%%%%%%%

%%%%%%%%%%%%%%%%%%%%%%%%%%%%%%%%%%%%%%%%%%%%%%%%
% CONFERENCE PAPERS
%%%%%%%%%%%%%%%%%%%%%%%%%%%%%%%%%%%%%%%%%%%%%%%%

@conference{Oettershagen_MED14_L1MPC,
	author  = "Philipp Oettershagen and Amir Melzer and Stefan Leutenegger and Kostas Alexis and Roland Siegwart",
	title   =  "{Explicit Model Predictive Control and $\mathcal{L}_1$-Navigation Strategies for Fixed-Wing UAV Path Tracking}",
	booktitle = "22nd Mediterranean Conference on Control \& Automation (MED)",
	year="2014"
}

%%%%%%%%%%%%%%%%%%%%%%%%%%%%%%%%%%%%%%%%%%%%%%%%
% THESES
%%%%%%%%%%%%%%%%%%%%%%%%%%%%%%%%%%%%%%%%%%%%%%%%

%%%%%%%%%%%%%%%%%%%%%%%%%%%%%%%%%%%%%%%%%%%%%%%%
% TECHREPORT
%%%%%%%%%%%%%%%%%%%%%%%%%%%%%%%%%%%%%%%%%%%%%%%%

%%%%%%%%%%%%%%%%%%%%%%%%%%%%%%%%%%%%%%%%%%%%%%%%
% BOOK
%%%%%%%%%%%%%%%%%%%%%%%%%%%%%%%%%%%%%%%%%%%%%%%%

%%%%%%%%%%%%%%%%%%%%%%%%%%%%%%%%%%%%%%%%%%%%%%%%
% MISC/NEWSPAPER/INTERNET BLOG ARTICLES
%%%%%%%%%%%%%%%%%%%%%%%%%%%%%%%%%%%%%%%%%%%%%%%%

@misc{Sunier_EPFLSolarModules,
    author    = "J. Sunier and C. Schlumpf and V.Chapuis and P. Oettershagen and R. Siegwart and C. Ballif and L.-E. Perret-Aebi",
    title     = "{Innovative PV modules for Atlantic Ocean Crossing}",
    howpublished = "Poster",
    year     = "2014",
    month    = "April 10th",
    note     = "Retrieved from \url{http://www.swissolar.ch/fileadmin/files/swissolar_neu/Tagungen/PV-Tagung_2014/P14_Sunier.pdf}",
}



