@inproceedings{dorobantu2011frequency,
  title={Frequency domain system identification for a small, low-cost, fixed-wing UAV},
  author={Dorobantu, Andrei and Murch, A and Mettler, Bernie and Balas, G},
  booktitle={Proceedings of the 2011 AIAA Guidance, Navigation, and Control Conference},
  year={2011}
}

@BOOK{TISCHLER_BOOK,
  AUTHOR =       "{Mark B. Tischler, Robert K. Remple}",
  TITLE =        {Aircraft and Rotorcraft System Identification: Engineering methods with Flight-Test examples},
  PUBLISHER =    {American Institute of Aeronautics and Astronautics (AIAA)},
  isbn =         {978-1-60086-007-2},
}
