@inproceedings{dorobantu2011frequency,
  title={Frequency domain system identification for a small, low-cost, fixed-wing UAV},
  author={Dorobantu, Andrei and Murch, A and Mettler, Bernie and Balas, G},
  booktitle={Proceedings of the 2011 AIAA Guidance, Navigation, and Control Conference},
  year={2011}
}

@BOOK{TISCHLER_BOOK,
  AUTHOR =       "{Mark B. Tischler, Robert K. Remple}",
  TITLE =        {Aircraft and Rotorcraft System Identification: Engineering methods with Flight-Test examples},
  PUBLISHER =    {American Institute of Aeronautics and Astronautics (AIAA)},
}

@inproceedings{HOW_L1nav,
  title={A new nonlinear guidance logic for trajectory tracking},
  author={Park, Sanghyuk and Deyst, John and How, Jonathan P},
  booktitle={AIAA Guidance, Navigation, and Control Conference and Exhibit},
  pages={16--19},
  year={2004}
}

@article{park2007performance,
  title={Performance and Lyapunov stability of a nonlinear path following guidance method},
  author="{S. Park, J. Deyst and J. P. How}",
  journal={Journal of Guidance, Control, and Dynamics},
  volume={30},
  number={6},
  year={2007}
}


@MISC{AscTecSite,
  author =       "{Ascending Technologies GmbH}",
  title =        "{http://www.asctec.de/}",
}

@MISC{Pix4Dsite,
  author =       "{Pix4D}",
  title =        "{http://pix4d.com/}",
}
 

@MISC{SkybotixSite,
  author =       "{Skybotix AG}",
  title =        "{http://www.skybotix.com/}",
}

@MISC{ASLsite,
  author =       "{Autonomous Systems Lab, ETH Zurich}",
  title =        "{http://www.asl.ethz.ch/}",
}



@MISC{AtlantikSolarSite,
  author =       "{AtlantikSolar}",
  title =        "{http://www.atlantiksolar.ethz.ch/}",
}

@MISC{ICARUSsite,
  author =       "{ICARUS: Unmanned Search and Rescue}",
  title =        "{http://www.fp7-icarus.eu/}",
}

@INPROCEEDINGS{JANOSCH_PAPER_INSP,
author={Burri, M. and Nikolic, J. and Hurzeler, C. and Caprari, G. and Siegwart, R.},
booktitle={Applied Robotics for the Power Industry (CARPI), 2012 2nd International Conference on},
title={Aerial service robots for visual inspection of thermal power plant boiler systems},
year={2012},
pages={70-75},
}

