% SOLAR UAVs BIBTEX FILE


%%%%%%%%%%%%%%%%%%%%%%%%%%%%%%%%%%%%%%%%%%%%%%%%
% JOURNAL ARTICLES
%%%%%%%%%%%%%%%%%%%%%%%%%%%%%%%%%%%%%%%%%%%%%%%%

@article{NASA_Pathfinder,
	author  = "N.J. Colella and G.S. Wenneker",
	title   = "Pathfinder: Developing a solar rechargeable aircraft",
	year    = "1996",
	journal = "IEEE Potentials",
 	volume  = "15",
	number  = "1",
	pages   = "18--23"
}

@article{Leutenegger_JIRS,
	author  = "Stefan Leutenegger and Mathieu Jabas",
	title   = "Solar Airplane Conceptual Design and Performance Estimation",
	year    = "2010",
	journal = "Journal of Intelligent Robot Systems",
 	volume  = "61",
	pages   = "545--561"
}
   
%%%%%%%%%%%%%%%%%%%%%%%%%%%%%%%%%%%%%%%%%%%%%%%%
% CONFERENCE PAPERS
%%%%%%%%%%%%%%%%%%%%%%%%%%%%%%%%%%%%%%%%%%%%%%%%

@conference{Morton_ICRA2013,
	author  = "Scott Morton and Luke Scharber and Nikalaos Papanikolopoulos",
	title   =  "{Solar Powered Unmanned Aerial Vehicle for Continuous Flight: Conceptual Overview and Optimization}",
	booktitle = "IEEE International Conference on Robotics and Automation (ICRA)",
	year="2013"
}

%%%%%%%%%%%%%%%%%%%%%%%%%%%%%%%%%%%%%%%%%%%%%%%%
% THESES
%%%%%%%%%%%%%%%%%%%%%%%%%%%%%%%%%%%%%%%%%%%%%%%%

@phdthesis{Noth_PhD,
	author	= "A. Noth",
	title		= "Design of Solar Powered Airplanes for Continuous Flight",
	school		= "ETH Zurich",
	year		= "2008",
}

@mastersthesis{DellaCa_BT,
	author="Luca DellaCa",
	title="{Load Modeling and Reliability Analysis for Actuators on solar powered UAVs}",
	school="ETH Zurich",
	type="{Bachelor thesis}",
	year="2013"
}

%%%%%%%%%%%%%%%%%%%%%%%%%%%%%%%%%%%%%%%%%%%%%%%%
% TECHREPORT
%%%%%%%%%%%%%%%%%%%%%%%%%%%%%%%%%%%%%%%%%%%%%%%%

@techreport{Cocconi_SoLong,
    author    = "Alan Cocconi",
    title     = "{AC Propulsion's solar electric powered SoLong UAV}",
    institution = "AC Propulsion",
    year      = "2005",
    note     = "Retrieved from \url{http://www.tu.no/migrationcatalog/2005/07/24/solong-info/binary/SoLong info}"
}

@techreport{Kimura_SolarRadAndClouds,
    author    = "K. Kimura and D.G. Stephenson",
    title     = "Solar Radiation on Cloudy Days",
    institution = "National Research Council of Canada",
    year      = "1969",
    note     = "Retrieved from \url{http://web.mit.edu/parmstr/Public/NRCan/rp418.pdf}"
}

@techreport{Drela_XFoil,
    author    = "M. Drela",
    title     = "{XFOIL 6.9 User Primer}",
    institution = "MIT Aero\&Astro",
    year      = "2001",
    note     = "Retrieved from \url{http://web.mit.edu/drela/Public/web/xfoil/xfoil_doc.txt}"
}

%%%%%%%%%%%%%%%%%%%%%%%%%%%%%%%%%%%%%%%%%%%%%%%%
% BOOK
%%%%%%%%%%%%%%%%%%%%%%%%%%%%%%%%%%%%%%%%%%%%%%%%

@book{Duffie_SolarEngineering,
    author="John A. Duffie and William A. Beckman",
    title="Solar Engineering of Thermal Processes",
    year="2006",
    publisher="Wiley",
    edition="3rd"
}

%%%%%%%%%%%%%%%%%%%%%%%%%%%%%%%%%%%%%%%%%%%%%%%%
% MISC/NEWSPAPER/INTERNET BLOG ARTICLES
%%%%%%%%%%%%%%%%%%%%%%%%%%%%%%%%%%%%%%%%%%%%%%%%

@misc{IEEE_AtmosphericSatellites,
	author    = "Evan Ackerman ",
	title     = "{Giant Solar-Powered UAVs are Atmospheric Satellites}",
	howpublished = "IEEE Spectrum",
	year     = "2013",
	month    = "August 21\textsuperscript{st}",
	note     = "Retrieved from \url{http://spectrum.ieee.org/automaton/robotics/aerial-robots/giant-solar-powered-uavs-are-atmospheric-satellites}",
}

@misc{QinetiQ_Zephyr14dayRecord,
	author    = "QinetiQ",
	title     = "{QinetiQ files for three world records for its Zephyr Solar powered UAV}",
	howpublished = "QinetiQ Press Release",
	year     = "2010",
	month    = "August 24\textsuperscript{th}",
	note     = "Retrieved from \url{http://www.qinetiq.com/media/news/releases/Pages/three-world-records.aspx}",
}

@misc{Sunier_EPFLSolarModules,
    author    = "J. Sunier and C. Schlumpf and V.Chapuis and P. Oettershagen and R. Siegwart and C. Ballif and L.-E. Perret-Aebi",
    title     = "{Innovative PV modules for Atlantic Ocean Crossing}",
    howpublished = "Poster",
    year     = "2014",
    month    = "April 10th",
    note     = "Retrieved from \url{http://www.swissolar.ch/fileadmin/files/swissolar_neu/Tagungen/PV-Tagung_2014/P14_Sunier.pdf}",
}

@misc{PixhawkWebsite,
	title=''Pixhawk Autopilot Website'',
	note=''\url{http://pixhawk.org/}''
 }



